<record xmlns="http://www.loc.gov/MARC21/slim" xmlns:xsi="http://www.w3.org/2001/XMLSchema-instance" xsi:schemaLocation="http://www.loc.gov/MARC21/slim http://www.loc.gov/standards/marcxml/schema/MARC21slim.xsd"><leader>     nam a22        4500</leader><controlfield tag="001">3082684</controlfield><controlfield tag="003">NNC</controlfield><controlfield tag="006">m        d        </controlfield><controlfield tag="007">cr cn |||m|||a</controlfield><controlfield tag="008">150601s1963    sy h    o     000 0 ararc</controlfield><datafield ind1=" " ind2=" " tag="040"><subfield code="a">NNU</subfield><subfield code="b">eng</subfield><subfield code="e">rda</subfield><subfield code="c">NNU</subfield></datafield><datafield ind1=" " ind2="4" tag="050"><subfield code="a">PJ7745.A93</subfield><subfield code="b">F23</subfield></datafield><datafield ind1="1" ind2=" " tag="100"><subfield code="6">880-01</subfield><subfield code="a">Azdi&#772;, Isma&#772;&#699;i&#772;l ibn Ish&#803;a&#772;q,</subfield><subfield code="d">815-896.</subfield></datafield><datafield ind1="1" ind2="0" tag="245"><subfield code="6">880-02</subfield><subfield code="a">Fad&#803;l al-s&#803;ala&#772;h &#699;ala&#769; al-nabi&#772; /</subfield><subfield code="c">ta&#700;li&#772;f al-Ima&#772;m Isma&#772;&#699;i&#772;l ibn Ish&#803;a&#772;q al-Qa&#772;d&#803;i&#772;, bi-tah&#803;qi&#772;q Muh&#803;ammad Na&#772;sir al-Di&#772;n al-Alba&#772;bi&#772;.</subfield></datafield><datafield ind1=" " ind2=" " tag="250"><subfield code="6">880-03</subfield><subfield code="a">[al-T&#803;ab&#699;ah al-u&#772;la&#769;].</subfield></datafield><datafield ind1=" " ind2=" " tag="260"><subfield code="6">880-04</subfield><subfield code="a">Dimashq :</subfield><subfield code="b">al-Maktab al-Isla&#772;mi&#772;,</subfield><subfield code="c">[1963]</subfield></datafield><datafield ind1=" " ind2=" " tag="300"><subfield code="a">online resource (10, 45 pages) :</subfield><subfield code="b">facsimile</subfield></datafield><datafield ind1=" " ind2=" " tag="336"><subfield code="a">text</subfield><subfield code="2">rdacontent</subfield></datafield><datafield ind1=" " ind2=" " tag="337"><subfield code="a">computer</subfield><subfield code="2">rdamedia</subfield></datafield><datafield ind1=" " ind2=" " tag="338"><subfield code="a">online resource</subfield><subfield code="2">rdacarrier</subfield></datafield><datafield ind1=" " ind2=" " tag="500"><subfield code="a">Part of the Arabic Collections Online (ACO) project, contributed by Columbia University Libraries.</subfield></datafield><datafield ind1=" " ind2=" " tag="533"><subfield code="a">Electronic reproduction.</subfield><subfield code="b">New York, N.Y. :</subfield><subfield code="c">New York University,</subfield><subfield code="d">2015.</subfield><subfield code="5">NNU</subfield></datafield><datafield ind1="0" ind2="0" tag="600"><subfield code="6">880-05</subfield><subfield code="a">Muh&#803;ammad,</subfield><subfield code="c">Prophet,</subfield><subfield code="d">-632</subfield><subfield code="v">Early works to 1800.</subfield></datafield><datafield ind1=" " ind2="0" tag="650"><subfield code="a">Prayer</subfield><subfield code="x">Islam</subfield><subfield code="v">Early works to 1800.</subfield></datafield><datafield ind1=" " ind2="0" tag="650"><subfield code="a">Hadith</subfield><subfield code="x">Texts</subfield><subfield code="v">Early works to 1800.</subfield></datafield><datafield ind1="0" ind2="7" tag="600"><subfield code="a">Muh&#803;ammad,</subfield><subfield code="c">Prophet,</subfield><subfield code="d">-632</subfield><subfield code="2">fast</subfield><subfield code="0">(OCoLC)fst01836298</subfield></datafield><datafield ind1=" " ind2="7" tag="650"><subfield code="a">Hadith</subfield><subfield code="x">Texts.</subfield><subfield code="2">fast</subfield><subfield code="0">(OCoLC)fst00950137</subfield></datafield><datafield ind1=" " ind2="7" tag="650"><subfield code="a">Prayer</subfield><subfield code="x">Islam.</subfield><subfield code="2">fast</subfield><subfield code="0">(OCoLC)fst01074698</subfield></datafield><datafield ind1=" " ind2="7" tag="655"><subfield code="a">Early works.</subfield><subfield code="2">fast</subfield><subfield code="0">(OCoLC)fst01411636</subfield></datafield><datafield ind1="2" ind2=" " tag="710"><subfield code="a">Columbia University.</subfield><subfield code="b">Libraries.</subfield></datafield><datafield ind1="0" ind2=" " tag="730"><subfield code="a">Arabic Collections Online.</subfield></datafield><datafield ind1="0" ind2="8" tag="776"><subfield code="i">Online version:</subfield><subfield code="a">Azdi&#772;, Isma&#772;&#699;i&#772;l ibn Ish&#803;a&#772;q, 815-896.</subfield><subfield code="t">Fad&#803;l al-s&#803;ala&#772;h &#699;ala&#769; al-nabi&#772;.</subfield><subfield code="b">[al-T&#803;ab&#699;ah al-u&#772;la&#769;].</subfield><subfield code="d">Dimashq, al-Maktab al-Isla&#772;mi&#772; [1963]</subfield><subfield code="w">(OCoLC)551359914</subfield></datafield><datafield ind1="0" ind2="8" tag="776"><subfield code="i">Print version:</subfield><subfield code="a">Azdi&#772;, Isma&#772;&#699;i&#772;l ibn Ish&#803;a&#772;q, 815-896.</subfield><subfield code="t">Fad&#803;l al-s&#803;ala&#772;h &#699;ala&#769; al-nabi&#772;</subfield><subfield code="w">(NNC)3082684</subfield><subfield code="w">(DLC)ne 64003103 </subfield><subfield code="w">(OCoLC)19959772</subfield></datafield><datafield ind1="4" ind2="0" tag="856"><subfield code="u">http://hdl.handle.net/2333.1/37pvmg59</subfield></datafield><datafield ind1="1" ind2=" " tag="880"><subfield code="6">100-01/r</subfield><subfield code="a">&#1575;&#1586;&#1583;&#1610;&#1548; &#1575;&#1587;&#1605;&#1575;&#1593;&#1610;&#1604; &#1576;&#1606; &#1575;&#1587;&#1581;&#1575;&#1602;&#1548;</subfield><subfield code="d">815-896.</subfield></datafield><datafield ind1="1" ind2="0" tag="880"><subfield code="6">245-02/r</subfield><subfield code="a">&#1601;&#1590;&#1604; &#1575;&#1604;&#1589;&#1604;&#1575;&#1577; &#1593;&#1604;&#1609; &#1575;&#1604;&#1606;&#1576;&#1610; /</subfield><subfield code="c">&#1578;&#1571;&#1604;&#1610;&#1601; &#1575;&#1604;&#1575;&#1605;&#1575;&#1605; &#1575;&#1587;&#1605;&#1575;&#1593;&#1610;&#1604; &#1576;&#1606; &#1575;&#1587;&#1581;&#1575;&#1602; &#1575;&#1604;&#1602;&#1575;&#1590;&#1610;&#1548; &#1576;&#1578;&#1581;&#1602;&#1610;&#1602; &#1605;&#1581;&#1605;&#1583; &#1606;&#1575;&#1587;&#1585; &#1575;&#1604;&#1583;&#1610;&#1606; &#1575;&#1604;&#1575;&#1604;&#1576;&#1575;&#1576;&#1610;.</subfield></datafield><datafield ind1=" " ind2=" " tag="880"><subfield code="6">250-03/r</subfield><subfield code="a">[&#1575;&#1604;&#1591;&#1576;&#1593;&#1577; &#1575;&#1604;&#1571;&#1608;&#1604;&#1609;].</subfield></datafield><datafield ind1=" " ind2=" " tag="880"><subfield code="6">260-04/r</subfield><subfield code="a">&#1583;&#1605;&#1588;&#1602; :</subfield><subfield code="b">&#1575;&#1604;&#1605;&#1603;&#1578;&#1576; &#1575;&#1604;&#1575;&#1587;&#1604;&#1575;&#1605;&#1610;&#1548;</subfield><subfield code="c">[1963]</subfield></datafield><datafield ind1="0" ind2="4" tag="880"><subfield code="6">600-05/r</subfield><subfield code="a">&#1605;&#1581;&#1605;&#1583;&#1548;</subfield><subfield code="c">Prophet,</subfield><subfield code="d">-632</subfield><subfield code="v">Early works to 1800.</subfield></datafield><datafield ind1=" " ind2=" " tag="959"><subfield code="a">NNU</subfield><subfield code="b">WEB</subfield><subfield code="c">GENI</subfield><subfield code="t">0</subfield><subfield code="m">Electronic access</subfield><subfield code="s">01</subfield></datafield><datafield ind1=" " ind2=" " tag="999"><subfield code="i">NNC_3082684</subfield><subfield code="o">(OCoLC)ocm19959772</subfield><subfield code="s">columbia_aco000569</subfield><subfield code="e">(ERROR-880)</subfield><subfield code="s">columbia_aco000569</subfield></datafield></record>